@InBook{Ladd1966342,
  author    = {C. C. Ladd and T. W. Lambe},
  editor    = {ASTM Committee D-18},
  chapter   = {Laboratory Shear Testing of Soils},
  pages     = {342-371},
  publisher = {American Society for Testing and Materials},
  title     = {The Strength of “Undisturbed” Clay Determined from Undrained Tests},
  year      = {1966},
  doi       = {10.1520/STP30011S},
}

@inproceedings{Bishop19582,
  author          = {A. W. Bishop},
  title           = {Test Requirements for Measuring the Coefficient of Earth Pressure at Rest},
  booktitle       = {Brussels Conference on Earth Pressure Problems},
  volume          = {1},
  year            = {1958},
  pages           = {2-14},
}

@inproceedings{Simons1958,
  author          = {N. E. Simons},
  title           = {Laboratory Determination of the Coefficient of Earth Pressure at Rest},
  booktitle       = {Brussels Conference on Earth Pressure Problems, Contribution to the Discussion},
  punisher        = {Also Norwegian Geotechnical Institute},
  number          = {33},
  year            = {1958}
}

@inproceedings{Jaky1948103,
  author          = {J. Jaky},
  title           = {Pressure in Silos},
  booktitle       = {Second International Conference on Soil Mechanics and Foundation Engineering},
  year            = {1948},
  volume          = {1},
  pages           = {103-107},
}

@inproceedings{Skempton1961351,
  author    = {A. W. Skempton},
  title     = {Horizontal Stresses in an Over-Consolidated Eocene Clay},
  year      = {1961},
  pages     = {351-357},
  booktitle = {Fifth International Conference on Soil Mechanics and Foundation Engineering},
  doi       = {10.1680/sposm.02050.0015},
}

@article{Skempton1954143,
  author = {A. W. Skempton},
  year = {1954},
  month = {01},
  pages = {143-147},
  title = {The Pore-Pressure Coefficients A and B},
  volume = {4},
  journal = {Geotechnique},
  doi = {10.1680/geot.1954.4.4.143}
}

@inproceedings{Bishop195394,
  author          = {A. W. Bishop and D. J. Henkel},
  title           = {Pore Pressure Changes During Shear in Two Undisturbed Clays},
  booktitle       = {Third International Conference on Soil Mechanics and Foundation Engineering},
  volume          = {1},
  year            = {1953},
  pages           = {94-99},
}

@article{Rutledge19441155,
  title={Relation of Undisturbed Sampling to Laboratory Testing},
  author={Rutledge, P. C },
  journal={Transactions of the American Society of Civil Engineers},
  volume={109},
  pages={1155-1183},
  year={1944},
}

@article{Hansen1948189,
  author  = {J. Brinch Hansen and R. E. Gibson},
  journal = {Geotechnique},
  title   = {Undrained Shear Strengths Of Anisotropically Consolidated Clays},
  year    = {1948},
  issn    = {0016-8505},
  number  = {3},
  pages   = {189-200},
  volume  = {1},
  doi     = {10.1680/geot.1949.1.3.189},
}

@article{Hvorslev1949,
  author = {M. J. Hvorslev},
  year = {1949},
  title = {Subsurface exploitation and sampling of soils for civil engineering purposes},
  journal = {Waterways Experiment Station},
}

@inproceedings{Lambe1961207,
  author          = {T. W. Lambe},
  title           = {Residual Pore Pressures in Compacted Clay},
  booktitle       = {Fifth International Conference on Soil Mechanics and Foundation Engineering},
  year            = {1961},
  volume          = {1},
  pages           = {207-211},
}

@article{Fenske195616,
  author  = {Carl W. Fenske},
  journal = {Symposium on Vane Shear Testing of Soils},
  title   = {Deep Vane Tests in Gulf of Mexico},
  year    = {1956},
  pages   = {16-25},
  doi     = {10.1520/stp45007s},
}

@Article{Bjerrum1960101,
  author  = {Laurits Bjerrum and Tien-Hsing Wu},
  journal = {Geotechnique},
  title   = {Fundamental Shear-Strength Properties of the Lilla Edet Clay},
  year    = {1960},
  issn    = {0016-8505},
  number  = {3},
  pages   = {101-109},
  volume  = {10},
  doi     = {10.1680/geot.1960.10.3.101},
}

@inproceedings{Marsal1957229,
  author          = {R. J. Marsal},
  title           = {Unconfined Compression and Vane Shear},
  booktitle       = {Soils for Engineering Purposes},
  year            = {1957},
  pages           = {229-241},
}

@inproceedings{Simons1960727,
  author          = {N. E. Simons},
  title           = {Comprehensive Investigations of the Shear Strength of an Undisturbed Drammen Clay},
  booktitle       = {Research Conference on Shear Strength of Cohesive Soils},
  year            = {1960},
  pages           = {727-745},
}

@article{Wu19581,
  author          = {T. H. Wu},
  title           = {Geotechnical Properties of Glacial Lake Clays},
  journal         = {Journal of the Soil Mechanics and Foundations Division},
  volume          = {84},
  number          = {3},
  year            = {1958},
  pages           = {1-34},
}

@article{Wu19621,
  author          = {T. H. Wu and A. G. Douglas and R. D. Goughnour},
  title           = {Friction and Cohesion of Saturated Clays},
  journal         = {Journal of the Soil Mechanics and Foundations Division},
  volume          = {88},
  number          = {SM3},
  year            = {1962},
  pages           = {1-32},
}

@inproceedings{Andresen1960695,
  author          = {A. Andresen and N. E. Simons},
  title           = {Norwegian Triaxial Equipment and Technique},
  booktitle       = {Research Conference on
Shear Strength of Cohesive Soils},
  year            = {1960},
  pages           = {695-709},
}

@book{Bishop1962,
  booktitle={The measurement of soil properties in the triaxial test},
  author={Bishop, Alan W.  and  Henkel, D. J.},
  address={London},
  edition={Second Edition},
  year={1962},
}

@inproceedings{Whitman1961407,
  author = {Whitman, R.V. and Richardson, A.M. and Healy, K.A.},
  year = {1961},
  pages = {407-411},
  title = {Time-lags in pore pressure measurements},
  volume = {1},
  booktitle = {Fifth International Conference on Soil Mechanics and Foundation Engineering},
  pages           = {407-411},
}

@inproceedings{Simons1960747,
  title={The Effect of Overconsolidation on the Shear Strength Characteristics of an Undisturbed Oslo Clay},
  author={Simons, N E },
  booktitle={Research Conference on Shear Strength of Cohesive Soils},
  year={1960},
  pages = {747-763},
}

@article{Parry1960166,
  author  = {R. H. G. Parry},
  journal = {Geotechnique},
  title   = {Triaxial Compression and Extension Tests on Remoulded Saturated Clay},
  year    = {1960},
  issn    = {0016-8505},
  pages   = {166-180},
  volume  = {10},
  doi     = {10.1680/geot.1960.10.4.166},
}

@article{Henkel1956,
  author  = {D. J. Henkel},
  journal = {Geotechnique},
  title   = {The Effect of Overconsolidation on the Behaviour of Clays During Shear},
  year    = {1956},
  issn    = {0016-8505},
  pages   = {139-150},
  volume  = {6},
  doi     = {10.1680/geot.1956.6.4.139},
}

@book{Taylor1948,
  author         = {D. W. Taylor},
  title          = {Fundamentals of Soil Mechanics},
  address        = {New York},
  publisher      = {John Wiley and Sons},
  year           = {1948},
}

@inproceedings{Osterberg1956,
  author          = {J. O. Osterberg},
  title           = {Discussion},
  booktitle       = {In-Place Shear Testing of Foundation Soll by the Vane Method},
  year            = {1956}
}

@inproceedings{Bishop1960437,
  author          = {A. W. Bishop and L. Bjerrum},
  title           = {The Relevance of the Triaxial Test to the Solution of Stability Problems},
  booktitle       = {Research Conference on Shear Strength of Cohesive Soils},
  year            = {1960},
  pages           = {437-502},
}

@article{Schmertmann1956940,
  author          = {H. Schmertmann},
  title           = {Discussion to paper by M. L. Calhoon},
  journal         = {Trans. ASCE},
  volume          = {121},
  year            = {1956},
  pages           = {940-950},
}

@article{Calhoon1956925,
  author = {Calhoon, M. L.},
  year = {1956},
  month = {01},
  pages = {925-939},
  title = {Effect of sample disturbance on the strength of a clay},
  volume = {121},
  journal = {Trans. ASCE}
}

@article{Casagrande1947,
  author          = {A. Casagrande and P. C. Rutledge},
  title           = {Cooperative Triaxial Shear Research},
  journal         = {Waterways Experiment Station},
  year            = {1947}
}

@inproceedings{Hvorslev1960169,
  author = {Hvorslev, M. J.},
  year = {1960},
  pages = {169-273},
  title = {Physical Components of the Shear Strength of Saturated Clays},
  booktitle = {Research Conference on Shear Strength of Cohesive Soils},
}

@article{Casagrande1953,
  author          = {A. Casagrande and S. D. Wilson},
  title           = {Effects of Stress History on the Strength of Clays},
  journal         = {Harvard Soil Mechanics Series},
  number          = {34},
  year            = {1953},
}